<?xml version="1.0" encoding="UTF-8"?>
<collection xmlns="http://www.loc.gov/MARC21/slim">
    <record>
        <leader>00000nz  a2200169   4500</leader>
        <controlfield tag="001">30077439</controlfield>
        <controlfield tag="003">RISM</controlfield>
        <controlfield tag="005">20160216</controlfield>
        <controlfield tag="008">160216n||az|||||||##########||||||||||||</controlfield>
        <datafield tag="040" ind1=" " ind2=" ">
            <subfield code="a">VE-Cbc</subfield>
        </datafield>
        <datafield tag="043" ind1=" " ind2=" ">
            <subfield code="c">VE</subfield>
        </datafield>
        <datafield tag="110" ind1="2" ind2=" ">
            <subfield code="a">Biblioteca Central de la Universidad Central de Venezuela</subfield>
            <subfield code="c">Caracas</subfield>
            <subfield code="g">VE-Cbc</subfield>
        </datafield>
        <datafield tag="622" ind1=" " ind2=" ">
            <subfield code="e">Biblioteca Central de la Universidad,  Central de Venezuela, Los Chaguaramos, 1050 Caracas, Venezuela</subfield>
            <subfield code="u">http://www.sicht.ucv.ve:8080/bc/index.jsp</subfield>
        </datafield>
    </record>