
    <record>
        <leader>00000nz  a2200169   4500</leader>
        <controlfield tag="001">30077787</controlfield>
        <controlfield tag="003">RISM</controlfield>
        <controlfield tag="005">20160216</controlfield>
        <controlfield tag="008">160216n||az|||||||##########||||||||||||</controlfield>
        <datafield tag="040" ind1=" " ind2=" ">
            <subfield code="a">VE-Cbn</subfield>
        </datafield>
        <datafield tag="043" ind1=" " ind2=" ">
            <subfield code="c">VE</subfield>
        </datafield>
        <datafield tag="110" ind1="2" ind2=" ">
            <subfield code="a">Biblioteca Nacional de Venezuela</subfield>
            <subfield code="c">Caracas</subfield>
            <subfield code="g">VE-Cbn</subfield>
        </datafield>
        <datafield tag="622" ind1=" " ind2=" ">
            <subfield code="e">Biblioteca Nacional de Venezuela, Parroquia Altagracia, Final Av. Panteón,,  Foro Libertador, Edif. Sede, Caracas 1010, Venezuela</subfield>
            <subfield code="u">http://www.bnv.gob.ve/</subfield>
        </datafield>
    </record>