
    <record>
        <leader>00000nz  a2200169   4500</leader>
        <controlfield tag="001">30006636</controlfield>
        <controlfield tag="003">RISM</controlfield>
        <controlfield tag="005">20160216</controlfield>
        <controlfield tag="008">160216n||az|||||||##########||||||||||||</controlfield>
        <datafield tag="040" ind1=" " ind2=" ">
            <subfield code="a">VE-Ctc</subfield>
        </datafield>
        <datafield tag="043" ind1=" " ind2=" ">
            <subfield code="c">XD-VE</subfield>
        </datafield>
        <datafield tag="110" ind1="2" ind2=" ">
            <subfield code="a">Archivo Historico de Teresa Carreño, Teatro Teresa Carreño</subfield>
            <subfield code="c">Caracas</subfield>
            <subfield code="g">VE-Ctc</subfield>
        </datafield>
    </record>
</collection>

